% This file was created with JabRef 2.7b.
% Encoding: UTF8

@ELECTRONIC{escalfados-SECOCINA,
  author = {M. √Ångeles Torres},
  month = {05},
  year = {2014},
  title = {Escalfados},
  url = {http://secocina.com/tecnicas/escalfados},
  owner = {root},
  timestamp = {2016.03.05}
}

@comment{jabref-meta: selector_publisher:}

@comment{jabref-meta: selector_author:}

@comment{jabref-meta: selector_journal:}

@comment{jabref-meta: selector_keywords:}

